<?xml version="1.0" encoding="UTF-8"?><collection xmlns="http://www.loc.gov/MARC21/slim"><record><leader>00588nam--2200193-u-4500</leader><controlfield tag="001">000056736</controlfield><controlfield tag="002">20181212</controlfield><controlfield tag="005">20181212030620</controlfield><controlfield tag="008">181212s1000------------r-----000-0-eng-d</controlfield><datafield ind1=" " ind2=" " tag="040"><subfield code="a">IFIN-HH</subfield></datafield><datafield ind1="0" ind2=" " tag="041"><subfield code="a">eng</subfield></datafield><datafield ind1="1" ind2=" " tag="100"><subfield code="a">Tran Thanh Van, J</subfield></datafield><datafield ind1="1" ind2="0" tag="245"><subfield code="a">Proceedings of the XXXIIIrd Recontres de Moriond. '98 Electroweak Interactions and Unified Theories</subfield><subfield code="c">J. Tran Thanh Van (ed.)</subfield></datafield><datafield ind1=" " ind2=" " tag="260"><subfield code="a">Paris</subfield><subfield code="b">Editions Frontieres</subfield><subfield code="c">1998</subfield></datafield><datafield ind1=" " ind2=" " tag="300"><subfield code="a">534 p</subfield></datafield><datafield ind1="0" ind2=" " tag="490"><subfield code="a">Moriond Particle Physics Meetings</subfield></datafield><datafield ind1=" " ind2=" " tag="500"><subfield code="a">Donatie Ioan Ursu</subfield></datafield><datafield ind1=" " ind2=" " tag="852"><subfield code="a">82487</subfield><subfield code="c">I.U</subfield></datafield><datafield ind1=" " ind2=" " tag="CAT"><subfield code="a">SYS</subfield><subfield code="c">20181212</subfield><subfield code="h">030620</subfield></datafield></record></collection>